@book{adams1995hitchhiker,
  title={The Hitchhiker's Guide to the Galaxy},
  author={Adams, D.},
  isbn={9781417642595},
  url={http://books.google.com/books?id=W-xMPgAACAAJ},
  year={1995},
  publisher={San Val}
}

@inproceedings{coulom2006efficient,
  title={Efficient selectivity and backup operators in Monte-Carlo tree search},
  author={Coulom, R{\'e}mi},
  booktitle={International conference on computers and games},
  pages={72--83},
  year={2006},
  organization={Springer}
}

@book{sutton2018reinforcement,
  title={Reinforcement learning: An introduction},
  author={Sutton, Richard S and Barto, Andrew G},
  year={2018},
  publisher={MIT press}
}

@article{watkins1989learning,
  title={Learning from delayed rewards},
  author={Watkins, Christopher John Cornish Hellaby},
  year={1989},
  publisher={King's College, Cambridge}
}

@article{watkins1992q,
  title={Q-learning},
  author={Watkins, Christopher JCH and Dayan, Peter},
  journal={Machine learning},
  volume={8},
  number={3-4},
  pages={279--292},
  year={1992},
  publisher={Springer}
}

@incollection{littman1994markov,
  title={Markov games as a framework for multi-agent reinforcement learning},
  author={Littman, Michael L},
  booktitle={Machine learning proceedings 1994},
  pages={157--163},
  year={1994},
  publisher={Elsevier}
}

@inproceedings{foerster2018counterfactual,
  title={Counterfactual multi-agent policy gradients},
  author={Foerster, Jakob N and Farquhar, Gregory and Afouras, Triantafyllos and Nardelli, Nantas and Whiteson, Shimon},
  booktitle={Thirty-Second AAAI Conference on Artificial Intelligence},
  year={2018}
}

@article{williams1992reinforce,
  title={Simple statistical gradient-following algorithms for connectionist reinforcement learning},
  author={Williams, Ronald J},
  journal={Machine learning},
  volume={8},
  number={3-4},
  pages={229--256},
  year={1992},
  publisher={Springer}
}

@inproceedings{konda2000actor,
  title={Actor-critic algorithms},
  author={Konda, Vijay R and Tsitsiklis, John N},
  booktitle={Advances in neural information processing systems},
  pages={1008--1014},
  year={2000}
}

@book{nielsen2015neural,
  title={Neural networks and deep learning},
  author={Nielsen, Michael A},
  volume={25},
  year={2015},
  publisher={Determination press San Francisco, CA, USA:}
}

@article{mnih2013playing,
  title={Playing atari with deep reinforcement learning},
  author={Mnih, Volodymyr and Kavukcuoglu, Koray and Silver, David and Graves, Alex and Antonoglou, Ioannis and Wierstra, Daan and Riedmiller, Martin},
  journal={arXiv preprint arXiv:1312.5602},
  year={2013}
}

@article{mnih2015human,
  title={Human-level control through deep reinforcement learning},
  author={Mnih, Volodymyr and Kavukcuoglu, Koray and Silver, David and Rusu, Andrei A and Veness, Joel and Bellemare, Marc G and Graves, Alex and Riedmiller, Martin and Fidjeland, Andreas K and Ostrovski, Georg and others},
  journal={Nature},
  volume={518},
  number={7540},
  pages={529},
  year={2015},
  publisher={Nature Publishing Group}
}

@book{goodfellow2016deep,
  title={Deep learning},
  author={Goodfellow, Ian and Bengio, Yoshua and Courville, Aaron},
  year={2016},
  publisher={MIT press}
}

@article{lecun1989backpropagation,
  title={Backpropagation applied to handwritten zip code recognition},
  author={LeCun, Yann and Boser, Bernhard and Denker, John S and Henderson, Donnie and Howard, Richard E and Hubbard, Wayne and Jackel, Lawrence D},
  journal={Neural computation},
  volume={1},
  number={4},
  pages={541--551},
  year={1989},
  publisher={MIT Press}
}

@article{munos2014bandits,
  title={From bandits to Monte-Carlo Tree Search: The optimistic principle applied to optimization and planning},
  author={Munos, R{\'e}mi and others},
  journal={Foundations and Trends{\textregistered} in Machine Learning},
  volume={7},
  number={1},
  pages={1--129},
  year={2014},
  publisher={Now Publishers, Inc.}
}

@inproceedings{tan1993multi,
  title={Multi-agent reinforcement learning: Independent vs. cooperative agents},
  author={Tan, Ming},
  booktitle={Proceedings of the tenth international conference on machine learning},
  pages={330--337},
  year={1993}
}

@book{russell2016artificial,
  title={Artificial intelligence: a modern approach},
  author={Russell, Stuart J and Norvig, Peter},
  year={2016},
  publisher={Malaysia; Pearson Education Limited,}
}

@article{oliehoek2008optimal,
  title={Optimal and approximate Q-value functions for decentralized POMDPs},
  author={Oliehoek, Frans A and Spaan, Matthijs TJ and Vlassis, Nikos},
  journal={Journal of Artificial Intelligence Research},
  volume={32},
  pages={289--353},
  year={2008}
}

@article{cho2014learning,
  title={Learning phrase representations using RNN encoder-decoder for statistical machine translation},
  author={Cho, Kyunghyun and Van Merri{\"e}nboer, Bart and Gulcehre, Caglar and Bahdanau, Dzmitry and Bougares, Fethi and Schwenk, Holger and Bengio, Yoshua},
  journal={arXiv preprint arXiv:1406.1078},
  year={2014}
}

@article{hochreiter1997long,
  title={Long short-term memory},
  author={Hochreiter, Sepp and Schmidhuber, J{\"u}rgen},
  journal={Neural computation},
  volume={9},
  number={8},
  pages={1735--1780},
  year={1997},
  publisher={MIT Press}
}

@article{rashid2018qmix,
  title={QMIX: monotonic value function factorisation for deep multi-agent reinforcement learning},
  author={Rashid, Tabish and Samvelyan, Mikayel and De Witt, Christian Schroeder and Farquhar, Gregory and Foerster, Jakob and Whiteson, Shimon},
  journal={arXiv preprint arXiv:1803.11485},
  year={2018}
}

@inproceedings{sunehag2018value,
  title={Value-decomposition networks for cooperative multi-agent learning based on team reward},
  author={Sunehag, Peter and Lever, Guy and Gruslys, Audrunas and Czarnecki, Wojciech Marian and Zambaldi, Vinicius and Jaderberg, Max and Lanctot, Marc and Sonnerat, Nicolas and Leibo, Joel Z and Tuyls, Karl and others},
  booktitle={Proceedings of the 17th International Conference on Autonomous Agents and MultiAgent Systems},
  pages={2085--2087},
  year={2018},
  organization={International Foundation for Autonomous Agents and Multiagent Systems}
}

@article{hernandez2019survey,
  title={A survey and critique of multiagent deep reinforcement learning},
  author={Hernandez-Leal, Pablo and Kartal, Bilal and Taylor, Matthew E},
  journal={Autonomous Agents and Multi-Agent Systems},
  pages={1--48},
  year={2019},
  publisher={Springer}
}

@article{abed2016comparison,
  title={A comparison study of cooperative Q-learning algorithms for independent learners},
  author={Abed-Alguni, Bilal H and Paul, David J and Chalup, Stephan K and Henskens, Frans A},
  journal={Int. J. Artif. Intell},
  volume={14},
  number={1},
  pages={71--93},
  year={2016}
}

@inproceedings{mnih2016asynchronous,
  title={Asynchronous methods for deep reinforcement learning},
  author={Mnih, Volodymyr and Badia, Adria Puigdomenech and Mirza, Mehdi and Graves, Alex and Lillicrap, Timothy and Harley, Tim and Silver, David and Kavukcuoglu, Koray},
  booktitle={International conference on machine learning},
  pages={1928--1937},
  year={2016}
}

@incollection{bottou2010large,
  title={Large-scale machine learning with stochastic gradient descent},
  author={Bottou, L{\'e}on},
  booktitle={Proceedings of COMPSTAT'2010},
  pages={177--186},
  year={2010},
  publisher={Springer}
}

@article{qian1999momentum,
  title={On the momentum term in gradient descent learning algorithms},
  author={Qian, Ning},
  journal={Neural networks},
  volume={12},
  number={1},
  pages={145--151},
  year={1999},
  publisher={Elsevier}
}
@article{kingma2014adam,
  title={Adam: A method for stochastic optimization},
  author={Kingma, Diederik P and Ba, Jimmy},
  journal={arXiv preprint arXiv:1412.6980},
  year={2014}
}
@article{schulman2015high,
  title={High-dimensional continuous control using generalized advantage estimation},
  author={Schulman, John and Moritz, Philipp and Levine, Sergey and Jordan, Michael and Abbeel, Pieter},
  journal={arXiv preprint arXiv:1506.02438},
  year={2015}
}

@inproceedings{sutton2000policy,
  title={Policy gradient methods for reinforcement learning with function approximation},
  author={Sutton, Richard S and McAllester, David A and Singh, Satinder P and Mansour, Yishay},
  booktitle={Advances in neural information processing systems},
  pages={1057--1063},
  year={2000}
}